<?xml version="1.0" encoding="UTF-8"?>
<marc:record xmlns:marc="http://www.loc.gov/MARC21/slim" xmlns:xsi="http://www.w3.org/2001/XMLSchema-instance" xsi:schemaLocation="http://www.loc.gov/standards/marcxml/schema/MARC21slim.xsd">
  <marc:leader>00000ndc a2200000 u 4500</marc:leader>
  <marc:controlfield tag="001">1001145493</marc:controlfield>
  <marc:controlfield tag="003">DE-633</marc:controlfield>
  <marc:controlfield tag="005">20211115113700.0</marc:controlfield>
  <marc:controlfield tag="008">210207##################################</marc:controlfield>
  <marc:datafield tag="040" ind1=" " ind2=" ">
    <marc:subfield code="a">DE-633</marc:subfield>
  </marc:datafield>
  <marc:datafield tag="130" ind1="0" ind2=" ">
    <marc:subfield code="a">Sacred songs</marc:subfield>
    <marc:subfield code="0">3900186</marc:subfield>
  </marc:datafield>
  <marc:datafield tag="245" ind1="1" ind2="0">
    <marc:subfield code="a">[without title]</marc:subfield>
  </marc:datafield>
  <marc:datafield tag="260" ind1=" " ind2=" ">
    <marc:subfield code="c">1540-1701</marc:subfield>
    <marc:subfield code="8">01</marc:subfield>
  </marc:datafield>
  <marc:datafield tag="300" ind1=" " ind2=" ">
    <marc:subfield code="a">3 partbooks</marc:subfield>
    <marc:subfield code="c">16 x 21 cm</marc:subfield>
    <marc:subfield code="8">01</marc:subfield>
  </marc:datafield>
  <marc:datafield tag="500" ind1=" " ind2=" ">
    <marc:subfield code="a">[pl-text: na wyklejkach każdej z ksiąg owalna pieczęć „ARCHIWUM I BIBLIOTEKA”, „Krakowskiej Kapituły Katedralnej” z wpisanymi ołówkiem sygnaturami: „KK.I3/1”; „KK I 3/2”; „KK I 3/3”]</marc:subfield>
    <marc:subfield code="8">01</marc:subfield>
  </marc:datafield>
  <marc:datafield tag="500" ind1=" " ind2=" ">
    <marc:subfield code="a">[pl-text: na wklejkach owalna pieczęć z czerwonym tuszem „CATH. CRAC. * ARCH. CAPIT.” ]</marc:subfield>
    <marc:subfield code="8">01</marc:subfield>
  </marc:datafield>
  <marc:datafield tag="500" ind1=" " ind2=" ">
    <marc:subfield code="a">[pl-text: księga Alto zaginiona]</marc:subfield>
    <marc:subfield code="8">01</marc:subfield>
  </marc:datafield>
  <marc:datafield tag="500" ind1=" " ind2=" ">
    <marc:subfield code="a">[pl-text: foliacja dopisana ołówkiem, prawdopodobnie przez Chybińskiego]</marc:subfield>
  </marc:datafield>
  <marc:datafield tag="500" ind1=" " ind2=" ">
    <marc:subfield code="a">[pl-text: 10 kart ma postać ścinek, które zawierają zwykle uzupełnienia lub poprawki tekstu. Dodane są najczęściej przed kartami z mylnym wpisem.]</marc:subfield>
  </marc:datafield>
  <marc:datafield tag="500" ind1=" " ind2=" ">
    <marc:subfield code="a">[pl-text: 41 stron pozostało niezapisanych lub ma jedynie poliniowane systemy]</marc:subfield>
  </marc:datafield>
  <marc:datafield tag="500" ind1=" " ind2=" ">
    <marc:subfield code="a">[pl-text: źródło spisane przez kilku skryptorów]</marc:subfield>
  </marc:datafield>
  <marc:datafield tag="520" ind1=" " ind2=" ">
    <marc:subfield code="a">Masses, Introits, Graduales and other</marc:subfield>
  </marc:datafield>
  <marc:datafield tag="563" ind1=" " ind2=" ">
    <marc:subfield code="a">[pl-text: nie zachowały się oryginalne oprawy ksiąg głosowych (o ile w ogóle istniały), lecz tylko dziewiętnastowieczne, tekturowe]</marc:subfield>
    <marc:subfield code="8">01</marc:subfield>
  </marc:datafield>
  <marc:datafield tag="590" ind1=" " ind2=" ">
    <marc:subfield code="a">Discantus</marc:subfield>
    <marc:subfield code="b">165 f.</marc:subfield>
    <marc:subfield code="8">01</marc:subfield>
  </marc:datafield>
  <marc:datafield tag="590" ind1=" " ind2=" ">
    <marc:subfield code="a">Tenor</marc:subfield>
    <marc:subfield code="b">126 f.</marc:subfield>
    <marc:subfield code="8">01</marc:subfield>
  </marc:datafield>
  <marc:datafield tag="590" ind1=" " ind2=" ">
    <marc:subfield code="a">Bassus</marc:subfield>
    <marc:subfield code="b">157 f.</marc:subfield>
    <marc:subfield code="8">01</marc:subfield>
  </marc:datafield>
  <marc:datafield tag="593" ind1=" " ind2=" ">
    <marc:subfield code="a">Manuscript copy</marc:subfield>
    <marc:subfield code="8">01</marc:subfield>
  </marc:datafield>
  <marc:datafield tag="594" ind1=" " ind2=" ">
    <marc:subfield code="b">Coro S</marc:subfield>
    <marc:subfield code="c">1</marc:subfield>
  </marc:datafield>
  <marc:datafield tag="594" ind1=" " ind2=" ">
    <marc:subfield code="b">Coro A</marc:subfield>
    <marc:subfield code="c">1</marc:subfield>
  </marc:datafield>
  <marc:datafield tag="594" ind1=" " ind2=" ">
    <marc:subfield code="b">Coro T</marc:subfield>
    <marc:subfield code="c">1</marc:subfield>
  </marc:datafield>
  <marc:datafield tag="594" ind1=" " ind2=" ">
    <marc:subfield code="b">Coro B</marc:subfield>
    <marc:subfield code="c">1</marc:subfield>
  </marc:datafield>
  <marc:datafield tag="594" ind1=" " ind2=" ">
    <marc:subfield code="a">Coro S, Coro A, Coro T, Coro B</marc:subfield>
  </marc:datafield>
  <marc:datafield tag="599" ind1=" " ind2=" ">
    <marc:subfield code="b">full</marc:subfield>
  </marc:datafield>
  <marc:datafield tag="691" ind1=" " ind2="7">
    <marc:subfield code="a">Musicaliavetera.Katalog</marc:subfield>
    <marc:subfield code="n">t. I, zeszyt 3</marc:subfield>
    <marc:subfield code="0">lit870</marc:subfield>
  </marc:datafield>
  <marc:datafield tag="691" ind1=" " ind2="7">
    <marc:subfield code="a">ChybińskiW 1910</marc:subfield>
    <marc:subfield code="n">cz. 1, s. 37–8</marc:subfield>
    <marc:subfield code="0">lit50006372</marc:subfield>
  </marc:datafield>
  <marc:datafield tag="700" ind1="1" ind2=" ">
    <marc:subfield code="a">Borek, Krzysztof</marc:subfield>
    <marc:subfield code="d">1570c+</marc:subfield>
    <marc:subfield code="j">Conjectural</marc:subfield>
    <marc:subfield code="0">pe30020454</marc:subfield>
    <marc:subfield code="4">scr</marc:subfield>
    <marc:subfield code="8">01</marc:subfield>
  </marc:datafield>
  <marc:datafield tag="774" ind1="1" ind2="8">
    <marc:subfield code="a">Anonymus - Sacred song - Coro</marc:subfield>
    <marc:subfield code="w">1001145494</marc:subfield>
  </marc:datafield>
  <marc:datafield tag="774" ind1="1" ind2="8">
    <marc:subfield code="a">Anonymus - Sacred song - Coro</marc:subfield>
    <marc:subfield code="w">1001145495</marc:subfield>
  </marc:datafield>
  <marc:datafield tag="774" ind1="1" ind2="8">
    <marc:subfield code="a">Anonymus - Sacred song - Coro</marc:subfield>
    <marc:subfield code="w">1001145496</marc:subfield>
  </marc:datafield>
  <marc:datafield tag="774" ind1="1" ind2="8">
    <marc:subfield code="a">Anonymus - Gaudeamus - Coro</marc:subfield>
    <marc:subfield code="w">1001145497</marc:subfield>
  </marc:datafield>
  <marc:datafield tag="774" ind1="1" ind2="8">
    <marc:subfield code="a">Anonymus - Rorate caeli - Coro</marc:subfield>
    <marc:subfield code="w">1001145498</marc:subfield>
  </marc:datafield>
  <marc:datafield tag="774" ind1="1" ind2="8">
    <marc:subfield code="a">Anonymus - Kyrie - T</marc:subfield>
    <marc:subfield code="w">1001145499</marc:subfield>
  </marc:datafield>
  <marc:datafield tag="774" ind1="1" ind2="8">
    <marc:subfield code="a">Anonymus - Tollite - Coro</marc:subfield>
    <marc:subfield code="w">1001145501</marc:subfield>
  </marc:datafield>
  <marc:datafield tag="774" ind1="1" ind2="8">
    <marc:subfield code="a">Anonymus - Alleluya - T</marc:subfield>
    <marc:subfield code="w">1001145502</marc:subfield>
  </marc:datafield>
  <marc:datafield tag="774" ind1="1" ind2="8">
    <marc:subfield code="a">Anonymus - Mittit ad virginem - T</marc:subfield>
    <marc:subfield code="w">1001145503</marc:subfield>
  </marc:datafield>
  <marc:datafield tag="774" ind1="1" ind2="8">
    <marc:subfield code="a">Anonymus - Offertorium - T</marc:subfield>
    <marc:subfield code="w">1001145504</marc:subfield>
  </marc:datafield>
  <marc:datafield tag="774" ind1="1" ind2="8">
    <marc:subfield code="a">Anonymus - Missa - C</marc:subfield>
    <marc:subfield code="w">1001145505</marc:subfield>
  </marc:datafield>
  <marc:datafield tag="774" ind1="1" ind2="8">
    <marc:subfield code="a">Anonymus - Missa - Coro</marc:subfield>
    <marc:subfield code="w">1001145506</marc:subfield>
  </marc:datafield>
  <marc:datafield tag="774" ind1="1" ind2="8">
    <marc:subfield code="a">Anonymus - Introitus - T</marc:subfield>
    <marc:subfield code="w">1001145508</marc:subfield>
  </marc:datafield>
  <marc:datafield tag="774" ind1="1" ind2="8">
    <marc:subfield code="a">Anonymus - Kirie - Coro</marc:subfield>
    <marc:subfield code="w">1001145509</marc:subfield>
  </marc:datafield>
  <marc:datafield tag="774" ind1="1" ind2="8">
    <marc:subfield code="a">Anonymus - Tollite - T</marc:subfield>
    <marc:subfield code="w">1001145510</marc:subfield>
  </marc:datafield>
  <marc:datafield tag="774" ind1="1" ind2="8">
    <marc:subfield code="a">Anonymus - Alleluia - T</marc:subfield>
    <marc:subfield code="w">1001145511</marc:subfield>
  </marc:datafield>
  <marc:datafield tag="774" ind1="1" ind2="8">
    <marc:subfield code="a">Anonymus - Mittit ad virginem - T</marc:subfield>
    <marc:subfield code="w">1001145513</marc:subfield>
  </marc:datafield>
  <marc:datafield tag="774" ind1="1" ind2="8">
    <marc:subfield code="a">Anonymus - Laus tibi Christe - Coro</marc:subfield>
    <marc:subfield code="w">1001145515</marc:subfield>
  </marc:datafield>
  <marc:datafield tag="774" ind1="1" ind2="8">
    <marc:subfield code="a">Anonymus - Ave Maria - Coro</marc:subfield>
    <marc:subfield code="w">1001145517</marc:subfield>
  </marc:datafield>
  <marc:datafield tag="774" ind1="1" ind2="8">
    <marc:subfield code="a">Anonymus - Spiritus sanctus - Coro</marc:subfield>
    <marc:subfield code="w">1001145518</marc:subfield>
  </marc:datafield>
  <marc:datafield tag="774" ind1="1" ind2="8">
    <marc:subfield code="a">Anonymus - Kyrie paschale - Coro</marc:subfield>
    <marc:subfield code="w">1001145519</marc:subfield>
  </marc:datafield>
  <marc:datafield tag="774" ind1="1" ind2="8">
    <marc:subfield code="a">Anonymus - Allelluia - Coro</marc:subfield>
    <marc:subfield code="w">1001145520</marc:subfield>
  </marc:datafield>
  <marc:datafield tag="774" ind1="1" ind2="8">
    <marc:subfield code="a">Anonymus - Allelluia - Coro</marc:subfield>
    <marc:subfield code="w">1001145521</marc:subfield>
  </marc:datafield>
  <marc:datafield tag="774" ind1="1" ind2="8">
    <marc:subfield code="a">Anonymus - Allelluia - Coro</marc:subfield>
    <marc:subfield code="w">1001145523</marc:subfield>
  </marc:datafield>
  <marc:datafield tag="774" ind1="1" ind2="8">
    <marc:subfield code="a">Anonymus - Allelluia - Coro</marc:subfield>
    <marc:subfield code="w">1001145524</marc:subfield>
  </marc:datafield>
  <marc:datafield tag="774" ind1="1" ind2="8">
    <marc:subfield code="a">Anonymus - Ab arce siderum - Coro</marc:subfield>
    <marc:subfield code="w">1001145525</marc:subfield>
  </marc:datafield>
  <marc:datafield tag="774" ind1="1" ind2="8">
    <marc:subfield code="a">Anonymus - Virgini Marie - Coro</marc:subfield>
    <marc:subfield code="w">1001145526</marc:subfield>
  </marc:datafield>
  <marc:datafield tag="774" ind1="1" ind2="8">
    <marc:subfield code="a">Anonymus - Allelluia - T</marc:subfield>
    <marc:subfield code="w">1001145528</marc:subfield>
  </marc:datafield>
  <marc:datafield tag="774" ind1="1" ind2="8">
    <marc:subfield code="a">Anonymus - Allelluia - Coro</marc:subfield>
    <marc:subfield code="w">1001145529</marc:subfield>
  </marc:datafield>
  <marc:datafield tag="774" ind1="1" ind2="8">
    <marc:subfield code="a">Anonymus - Allelluia - Coro</marc:subfield>
    <marc:subfield code="w">1001145531</marc:subfield>
  </marc:datafield>
  <marc:datafield tag="774" ind1="1" ind2="8">
    <marc:subfield code="a">Anonymus - Allelluia - Coro</marc:subfield>
    <marc:subfield code="w">1001145532</marc:subfield>
  </marc:datafield>
  <marc:datafield tag="774" ind1="1" ind2="8">
    <marc:subfield code="a">Anonymus - Ave gratia plena - T</marc:subfield>
    <marc:subfield code="w">1001145533</marc:subfield>
  </marc:datafield>
  <marc:datafield tag="774" ind1="1" ind2="8">
    <marc:subfield code="a">Anonymus - Nuncium vobis - T</marc:subfield>
    <marc:subfield code="w">1001145536</marc:subfield>
  </marc:datafield>
  <marc:datafield tag="774" ind1="1" ind2="8">
    <marc:subfield code="a">Anonymus - Kyrie virginitatis amator inclite - T</marc:subfield>
    <marc:subfield code="w">1001145537</marc:subfield>
  </marc:datafield>
  <marc:datafield tag="774" ind1="1" ind2="8">
    <marc:subfield code="a">Anonymus - Et in terra pax - T</marc:subfield>
    <marc:subfield code="w">1001145538</marc:subfield>
  </marc:datafield>
  <marc:datafield tag="774" ind1="1" ind2="8">
    <marc:subfield code="a">Anonymus - Patrem omnipotentem - C, T</marc:subfield>
    <marc:subfield code="w">1001145540</marc:subfield>
  </marc:datafield>
  <marc:datafield tag="774" ind1="1" ind2="8">
    <marc:subfield code="a">Anonymus - Allelluia - T</marc:subfield>
    <marc:subfield code="w">1001145541</marc:subfield>
  </marc:datafield>
  <marc:datafield tag="774" ind1="1" ind2="8">
    <marc:subfield code="a">Anonymus - Sanctus - T</marc:subfield>
    <marc:subfield code="w">1001145542</marc:subfield>
  </marc:datafield>
  <marc:datafield tag="774" ind1="1" ind2="8">
    <marc:subfield code="a">Anonymus - Kyrie - T</marc:subfield>
    <marc:subfield code="w">1001145544</marc:subfield>
  </marc:datafield>
  <marc:datafield tag="774" ind1="1" ind2="8">
    <marc:subfield code="a">Anonymus - Venit caeli nuncius - T</marc:subfield>
    <marc:subfield code="w">1001145545</marc:subfield>
  </marc:datafield>
  <marc:datafield tag="774" ind1="1" ind2="8">
    <marc:subfield code="a">Anonymus - Rorate caeli - T</marc:subfield>
    <marc:subfield code="w">1001145546</marc:subfield>
  </marc:datafield>
  <marc:datafield tag="774" ind1="1" ind2="8">
    <marc:subfield code="a">Anonymus - Ecce virgo concipiet - T</marc:subfield>
    <marc:subfield code="w">1001145547</marc:subfield>
  </marc:datafield>
  <marc:datafield tag="774" ind1="1" ind2="8">
    <marc:subfield code="a">Anonymus - Sanctus - T</marc:subfield>
    <marc:subfield code="w">1001145548</marc:subfield>
  </marc:datafield>
  <marc:datafield tag="774" ind1="1" ind2="8">
    <marc:subfield code="a">Anonymus - Sanctus - T</marc:subfield>
    <marc:subfield code="w">1001145550</marc:subfield>
  </marc:datafield>
  <marc:datafield tag="774" ind1="1" ind2="8">
    <marc:subfield code="a">Anonymus - Kyrie - T</marc:subfield>
    <marc:subfield code="w">1001145551</marc:subfield>
  </marc:datafield>
  <marc:datafield tag="774" ind1="1" ind2="8">
    <marc:subfield code="a">Anonymus - Kyrie - T</marc:subfield>
    <marc:subfield code="w">1001148531</marc:subfield>
  </marc:datafield>
  <marc:datafield tag="774" ind1="1" ind2="8">
    <marc:subfield code="a">Anonymus - Alleluia - T</marc:subfield>
    <marc:subfield code="w">1001148532</marc:subfield>
  </marc:datafield>
  <marc:datafield tag="774" ind1="1" ind2="8">
    <marc:subfield code="a">Anonymus - Ave Maria - T</marc:subfield>
    <marc:subfield code="w">1001148533</marc:subfield>
  </marc:datafield>
  <marc:datafield tag="774" ind1="1" ind2="8">
    <marc:subfield code="a">Anonymus - Nun - Coro</marc:subfield>
    <marc:subfield code="w">1001148534</marc:subfield>
  </marc:datafield>
  <marc:datafield tag="774" ind1="1" ind2="8">
    <marc:subfield code="a">Anonymus - Paschali laudes victimae, immolent fideles - Coro</marc:subfield>
    <marc:subfield code="w">1001148535</marc:subfield>
  </marc:datafield>
  <marc:datafield tag="774" ind1="1" ind2="8">
    <marc:subfield code="a">Anonymus - Allelluia - Coro</marc:subfield>
    <marc:subfield code="w">1001148536</marc:subfield>
  </marc:datafield>
  <marc:datafield tag="774" ind1="1" ind2="8">
    <marc:subfield code="a">Anonymus - Sacred song - Coro</marc:subfield>
    <marc:subfield code="w">1001148657</marc:subfield>
  </marc:datafield>
  <marc:datafield tag="774" ind1="1" ind2="8">
    <marc:subfield code="a">Anonymus - Allelluia - Coro</marc:subfield>
    <marc:subfield code="w">1001148658</marc:subfield>
  </marc:datafield>
  <marc:datafield tag="774" ind1="1" ind2="8">
    <marc:subfield code="a">Anonymus - Kyrie - Coro</marc:subfield>
    <marc:subfield code="w">1001148659</marc:subfield>
  </marc:datafield>
  <marc:datafield tag="774" ind1="1" ind2="8">
    <marc:subfield code="a">Anonymus - Kyrie - B</marc:subfield>
    <marc:subfield code="w">1001148660</marc:subfield>
  </marc:datafield>
  <marc:datafield tag="774" ind1="1" ind2="8">
    <marc:subfield code="a">Anonymus - Allelluia - Coro</marc:subfield>
    <marc:subfield code="w">1001148661</marc:subfield>
  </marc:datafield>
  <marc:datafield tag="774" ind1="1" ind2="8">
    <marc:subfield code="a">Anonymus - Venit caeli nuncius - B</marc:subfield>
    <marc:subfield code="w">1001148662</marc:subfield>
  </marc:datafield>
  <marc:datafield tag="774" ind1="1" ind2="8">
    <marc:subfield code="a">Anonymus - Spiritus Domini - Coro</marc:subfield>
    <marc:subfield code="w">1001148663</marc:subfield>
  </marc:datafield>
  <marc:datafield tag="774" ind1="1" ind2="8">
    <marc:subfield code="a">Anonymus - Confirma - Coro</marc:subfield>
    <marc:subfield code="w">1001148664</marc:subfield>
  </marc:datafield>
  <marc:datafield tag="774" ind1="1" ind2="8">
    <marc:subfield code="a">Anonymus - Allelluia - Coro</marc:subfield>
    <marc:subfield code="w">1001148665</marc:subfield>
  </marc:datafield>
  <marc:datafield tag="774" ind1="1" ind2="8">
    <marc:subfield code="a">Anonymus - Sacred song - Coro</marc:subfield>
    <marc:subfield code="w">1001148666</marc:subfield>
  </marc:datafield>
  <marc:datafield tag="774" ind1="1" ind2="8">
    <marc:subfield code="a">Anonymus - Allelluia - Coro</marc:subfield>
    <marc:subfield code="w">1001148667</marc:subfield>
  </marc:datafield>
  <marc:datafield tag="774" ind1="1" ind2="8">
    <marc:subfield code="a">Anonymus - Margareta - Coro</marc:subfield>
    <marc:subfield code="w">1001148668</marc:subfield>
  </marc:datafield>
  <marc:datafield tag="774" ind1="1" ind2="8">
    <marc:subfield code="a">Anonymus - Sanctus - Coro</marc:subfield>
    <marc:subfield code="w">1001148669</marc:subfield>
  </marc:datafield>
  <marc:datafield tag="774" ind1="1" ind2="8">
    <marc:subfield code="a">Anonymus - Beatis vir - Coro</marc:subfield>
    <marc:subfield code="w">1001148670</marc:subfield>
  </marc:datafield>
  <marc:datafield tag="774" ind1="1" ind2="8">
    <marc:subfield code="a">Anonymus - Gloria - Coro</marc:subfield>
    <marc:subfield code="w">1001148671</marc:subfield>
  </marc:datafield>
  <marc:datafield tag="774" ind1="1" ind2="8">
    <marc:subfield code="a">Anonymus - Alleluia - Coro</marc:subfield>
    <marc:subfield code="w">1001148672</marc:subfield>
  </marc:datafield>
  <marc:datafield tag="774" ind1="1" ind2="8">
    <marc:subfield code="a">Anonymus - Nunc - Coro</marc:subfield>
    <marc:subfield code="w">1001148673</marc:subfield>
  </marc:datafield>
  <marc:datafield tag="774" ind1="1" ind2="8">
    <marc:subfield code="a">Anonymus - Alleluia - Coro</marc:subfield>
    <marc:subfield code="w">1001148674</marc:subfield>
  </marc:datafield>
  <marc:datafield tag="774" ind1="1" ind2="8">
    <marc:subfield code="a">Anonymus - Archangelus Michael constituite Principem - Coro</marc:subfield>
    <marc:subfield code="w">1001148675</marc:subfield>
  </marc:datafield>
  <marc:datafield tag="774" ind1="1" ind2="8">
    <marc:subfield code="a">Anonymus - Alleluia - Coro</marc:subfield>
    <marc:subfield code="w">1001148676</marc:subfield>
  </marc:datafield>
  <marc:datafield tag="774" ind1="1" ind2="8">
    <marc:subfield code="a">Anonymus - Alleluia - Coro</marc:subfield>
    <marc:subfield code="w">1001148677</marc:subfield>
  </marc:datafield>
  <marc:datafield tag="774" ind1="1" ind2="8">
    <marc:subfield code="a">Anonymus - Vultum tuum - Coro</marc:subfield>
    <marc:subfield code="w">1001148678</marc:subfield>
  </marc:datafield>
  <marc:datafield tag="774" ind1="1" ind2="8">
    <marc:subfield code="a">Anonymus - Graduale - Coro</marc:subfield>
    <marc:subfield code="w">1001148679</marc:subfield>
  </marc:datafield>
  <marc:datafield tag="774" ind1="1" ind2="8">
    <marc:subfield code="a">Anonymus - Pascha nostrum - Coro</marc:subfield>
    <marc:subfield code="w">1001148680</marc:subfield>
  </marc:datafield>
  <marc:datafield tag="774" ind1="1" ind2="8">
    <marc:subfield code="a">Anonymus - Diffusa est - Coro</marc:subfield>
    <marc:subfield code="w">1001148681</marc:subfield>
  </marc:datafield>
  <marc:datafield tag="774" ind1="1" ind2="8">
    <marc:subfield code="a">Anonymus - Audi filia - Coro</marc:subfield>
    <marc:subfield code="w">1001148682</marc:subfield>
  </marc:datafield>
  <marc:datafield tag="774" ind1="1" ind2="8">
    <marc:subfield code="a">Sebastian z Felsztyna - Alleluia - Coro</marc:subfield>
    <marc:subfield code="w">1001148683</marc:subfield>
  </marc:datafield>
  <marc:datafield tag="774" ind1="1" ind2="8">
    <marc:subfield code="a">Anonymus - Rorate caeli - Coro</marc:subfield>
    <marc:subfield code="w">1001148684</marc:subfield>
  </marc:datafield>
  <marc:datafield tag="774" ind1="1" ind2="8">
    <marc:subfield code="a">Anonymus - Paschale - Coro</marc:subfield>
    <marc:subfield code="w">1001148685</marc:subfield>
  </marc:datafield>
  <marc:datafield tag="774" ind1="1" ind2="8">
    <marc:subfield code="a">Anonymus - Allelluia - Coro</marc:subfield>
    <marc:subfield code="w">1001148686</marc:subfield>
  </marc:datafield>
  <marc:datafield tag="774" ind1="1" ind2="8">
    <marc:subfield code="a">Anonymus - Allelluia - Coro</marc:subfield>
    <marc:subfield code="w">1001148687</marc:subfield>
  </marc:datafield>
  <marc:datafield tag="774" ind1="1" ind2="8">
    <marc:subfield code="a">Anonymus - Patrem - Coro</marc:subfield>
    <marc:subfield code="w">1001148688</marc:subfield>
  </marc:datafield>
  <marc:datafield tag="774" ind1="1" ind2="8">
    <marc:subfield code="a">Anonymus - Ave Maria - Coro</marc:subfield>
    <marc:subfield code="w">1001148689</marc:subfield>
  </marc:datafield>
  <marc:datafield tag="774" ind1="1" ind2="8">
    <marc:subfield code="a">Anonymus - Sanctus - Coro</marc:subfield>
    <marc:subfield code="w">1001148690</marc:subfield>
  </marc:datafield>
  <marc:datafield tag="774" ind1="1" ind2="8">
    <marc:subfield code="a">Anonymus - Rorate caeli - Coro</marc:subfield>
    <marc:subfield code="w">1001148691</marc:subfield>
  </marc:datafield>
  <marc:datafield tag="774" ind1="1" ind2="8">
    <marc:subfield code="a">Anonymus - Allelluia - Coro</marc:subfield>
    <marc:subfield code="w">1001148692</marc:subfield>
  </marc:datafield>
  <marc:datafield tag="774" ind1="1" ind2="8">
    <marc:subfield code="a">Anonymus - Gaudete - Coro</marc:subfield>
    <marc:subfield code="w">1001148693</marc:subfield>
  </marc:datafield>
  <marc:datafield tag="774" ind1="1" ind2="8">
    <marc:subfield code="a">Anonymus - Kyrie - Coro</marc:subfield>
    <marc:subfield code="w">1001148694</marc:subfield>
  </marc:datafield>
  <marc:datafield tag="774" ind1="1" ind2="8">
    <marc:subfield code="a">Anonymus - Kyrie - Coro</marc:subfield>
    <marc:subfield code="w">1001148695</marc:subfield>
  </marc:datafield>
  <marc:datafield tag="774" ind1="1" ind2="8">
    <marc:subfield code="a">Anonymus - Allelluia - Coro</marc:subfield>
    <marc:subfield code="w">1001148696</marc:subfield>
  </marc:datafield>
  <marc:datafield tag="774" ind1="1" ind2="8">
    <marc:subfield code="a">Anonymus - Allelluia - Coro</marc:subfield>
    <marc:subfield code="w">1001148697</marc:subfield>
  </marc:datafield>
  <marc:datafield tag="774" ind1="1" ind2="8">
    <marc:subfield code="a">Anonymus - Media vita - Coro</marc:subfield>
    <marc:subfield code="w">1001148698</marc:subfield>
  </marc:datafield>
  <marc:datafield tag="774" ind1="1" ind2="8">
    <marc:subfield code="a">Anonymus - Ave sanctissima - Coro</marc:subfield>
    <marc:subfield code="w">1001148699</marc:subfield>
  </marc:datafield>
  <marc:datafield tag="852" ind1=" " ind2=" ">
    <marc:subfield code="a">PL-Kk</marc:subfield>
    <marc:subfield code="d">Ch 202</marc:subfield>
    <marc:subfield code="d">WM 3</marc:subfield>
    <marc:subfield code="e">Archiwum i Biblioteka Krakowskiej Kapituły Katedralnej</marc:subfield>
    <marc:subfield code="x">ks30002080</marc:subfield>
    <marc:subfield code="c">Kk.I.3</marc:subfield>
    <marc:subfield code="p"/>
    <marc:subfield code="q"/>
    <marc:subfield code="u"/>
    <marc:subfield code="z"/>
  </marc:datafield>
  <marc:datafield tag="980" ind1=" " ind2=" ">
    <marc:subfield code="a">RISM</marc:subfield>
    <marc:subfield code="c">examined</marc:subfield>
  </marc:datafield>
</marc:record>
